<record><leader>00000cas a22000007a 4500</leader><controlfield tag="001">8789740</controlfield><controlfield tag="008">820920d18371849inuwr ne      0    0eng  </controlfield><controlfield tag="009">466</controlfield><datafield ind1=" " ind2=" " tag="010"><subfield code="a">sn 82006518 </subfield></datafield><datafield ind1=" " ind2=" " tag="040"><subfield code="a">DLC</subfield><subfield code="b">eng</subfield><subfield code="c">DLC</subfield><subfield code="d">KNP</subfield><subfield code="d">PPM</subfield><subfield code="d">NPI</subfield><subfield code="d">PPM</subfield><subfield code="d">DLC</subfield></datafield><datafield ind1="1" ind2=" " tag="029"><subfield code="a">AU@</subfield><subfield code="b">000025797961</subfield></datafield><datafield ind1=" " ind2=" " tag="042"><subfield code="a">msc</subfield></datafield><datafield ind1="0" ind2="0" tag="050"><subfield code="a">Newspaper 7701-X</subfield></datafield><datafield ind1="0" ind2="0" tag="245"><subfield code="a">Logansport telegraph.</subfield></datafield><datafield ind1="0" ind2="3" tag="246"><subfield code="a">Telegraph</subfield></datafield><datafield ind1=" " ind2=" " tag="260"><subfield code="a">Logansport, Ind. :</subfield><subfield code="b">Lasselle &amp; Dillon,</subfield><subfield code="c">1837-</subfield></datafield><datafield ind1=" " ind2=" " tag="300"><subfield code="a">v. ;</subfield><subfield code="c">53 cm.</subfield></datafield><datafield ind1=" " ind2=" " tag="310"><subfield code="a">Weekly</subfield></datafield><datafield ind1="0" ind2=" " tag="362"><subfield code="a">Vol. 4, no. 1 (Nov. 4, 1837)-</subfield></datafield><datafield ind1="1" ind2=" " tag="362"><subfield code="a">Ceased in Mar. 1849.</subfield></datafield><datafield ind1=" " ind2=" " tag="500"><subfield code="a">"Whig."</subfield></datafield><datafield ind1=" " ind2=" " tag="752"><subfield code="a">United States</subfield><subfield code="b">Indiana</subfield><subfield code="c">Cass</subfield><subfield code="d">Logansport.</subfield></datafield><datafield ind1="0" ind2="0" tag="780"><subfield code="t">Logansport canal telegraph</subfield><subfield code="w">(DLC)sn 87060123</subfield></datafield></record>